@article{AGRAS1969151,
title = "The epidemiology of common fears and phobia",
journal = "Comprehensive Psychiatry",
volume = "10",
number = "2",
pages = "151 - 156",
year = "1969",
issn = "0010-440X",
doi = "https://doi.org/10.1016/0010-440X(69)90022-4",
url = "http://www.sciencedirect.com/science/article/pii/0010440X69900224",
author = "Stewart Agras and David Sylvester and Donald Oliveau"
}