
@article{KESSLER,
author = {Kessler RC and McGonagle KA and Zhao S and et al},
title = {Lifetime and 12-month prevalence of dsm-iii-r psychiatric disorders in the united states: Results from the national comorbidity survey},
journal = {Archives of General Psychiatry},
volume = {51},
number = {1},
pages = {8-19},
year = {1994},
doi = {10.1001/archpsyc.1994.03950010008002},
URL = { + http://dx.doi.org/10.1001/archpsyc.1994.03950010008002},
eprint = {/data/journals/psych/12561/archpsyc_51_1_002.pdf}
}

@article{AGRAS1969151,
title = "The epidemiology of common fears and phobia",
journal = "Comprehensive Psychiatry",
volume = "10",
number = "2",
pages = "151 - 156",
year = "1969",
issn = "0010-440X",
doi = "https://doi.org/10.1016/0010-440X(69)90022-4",
url = "http://www.sciencedirect.com/science/article/pii/0010440X69900224",
author = "Stewart Agras and David Sylvester and Donald Oliveau"
}

@Article{Huppert2013,
author="Huppert, Doreen
and Grill, Eva
and Brandt, Thomas",
title="Down on heights? One in three has visual height intolerance",
journal="Journal of Neurology",
year="2013",
month="Feb",
day="01",
volume="260",
number="2",
pages="597--604",
issn="1432-1459",
doi="10.1007/s00415-012-6685-1",
url="https://doi.org/10.1007/s00415-012-6685-1"
}

@Article{Kapfhammer2015,
author="Kapfhammer, Hans-Peter
and Huppert, Doreen
and Grill, Eva
and Fitz, Werner
and Brandt, Thomas",
title="Visual height intolerance and acrophobia: clinical characteristics and comorbidity patterns",
journal="European Archives of Psychiatry and Clinical Neuroscience",
year="2015",
month="Aug",
day="01",
volume="265",
number="5",
pages="375--385",
issn="1433-8491",
doi="10.1007/s00406-014-0548-y",
url="https://doi.org/10.1007/s00406-014-0548-y"
}


@article{doi:10.1176/ajp.152.4.626,
title = {Effectiveness of computer-generated (virtual reality) graded exposure in the treatment of acrophobia},
journal = {American Journal of Psychiatry},
volume = {152},
number = {4},
pages = {626-628},
year = {1995},
doi = {10.1176/ajp.152.4.626},
note ={PMID: 7694917},
URL = {https://doi.org/10.1176/ajp.152.4.626}
}

@article{BUTLER200617,
title = "The empirical status of cognitive-behavioral therapy: A review of meta-analyses",
journal = "Clinical Psychology Review",
volume = "26",
number = "1",
pages = "17 - 31",
year = "2006",
issn = "0272-7358",
doi = "https://doi.org/10.1016/j.cpr.2005.07.003",
url = "http://www.sciencedirect.com/science/article/pii/S0272735805001005",
author = "Andrew C. Butler and Jason E. Chapman and Evan M. Forman and Aaron T. Beck"
}

@article{BUTLER1984,
title = "Exposure and anxiety management in the treatment of social phobia",
journal = "Journal of Consulting and Clinical Psychology",
volume = "52",
number = "4",
year = "1984",
doi = "http://dx.doi.org/10.1037/0022-006X.52.4.642",
url = "http://psycnet.apa.org/record/1984-32085-001",
author = "Butler, G. and Cullington, A. and Munby, M. and Amies, P. and Gelder, M."
}
@article{DERUBEIS1998,
title = "Empirically supported individual andgroup psychological treatments for adult mental disorders",
journal = "Journal of Consulting and Clinical Psychology",
volume = "66",
number = "1",
pages = "37â€“52",
year = "1998",
doi = "http://dx.doi.org/10.1037/0022-006x.66.1.37",
author = "DeRubeis, R. J. and Crits-Christoph, P."
}

@article{CHOY2007266,
title = "Treatment of specific phobia in adults",
journal = "Clinical Psychology Review",
volume = "27",
number = "3",
pages = "266 - 286",
year = "2007",
issn = "0272-7358",
doi = "https://doi.org/10.1016/j.cpr.2006.10.002",
url = "http://www.sciencedirect.com/science/article/pii/S0272735806001164",
author = "Yujuan Choy and Abby J. Fyer and Josh D. Lipsitz",
keywords = "Specific phobia, Systematic desensitization, Cognitive behavior therapy, Exposure therapy, Virtual reality, Medication, Follow-up"
}

@article{EMMELKAMP2002509,
title = "Virtual reality treatment versus exposure in vivo: a comparative evaluation in acrophobia",
journal = "Behaviour Research and Therapy",
volume = "40",
number = "5",
pages = "509 - 516",
year = "2002",
issn = "0005-7967",
doi = "https://doi.org/10.1016/S0005-7967(01)00023-7",
url = "http://www.sciencedirect.com/science/article/pii/S0005796701000237",
author = "P.M.G Emmelkamp and M Krijn and A.M Hulsbosch and S de Vries and M.J Schuemie and C.A.P.G van der Mast",
keywords = "Virtual reality, Exposure in vivo, Behaviour therapy, Acrophobia, Treatment outcome"
}

@article{GARCIA2007,
title = "Comparing Acceptance and Refusal Rates of Virtual Reality Exposure vs. In Vivo Exposure by Patients with Specific Phobias",
journal = "CyberPsychology & Behavior",
volume = "10",
number = "5",
pages = "722-724",
year = "2007",
doi = "https://doi.org/10.1089/cpb.2007.9962",
author = "Garcia-Palacios,A. and Botella, C. and Hoffman, H. and Fabregat, S."
}

@article {JCLP:JCLP10261,
author = {Cavanagh, Kate and Shapiro, David A.},
title = {Computer treatment for common mental health problems},
journal = {Journal of Clinical Psychology},
volume = {60},
number = {3},
publisher = {Wiley Subscription Services, Inc., A Wiley Company},
issn = {1097-4679},
url = {http://dx.doi.org/10.1002/jclp.10261},
doi = {10.1002/jclp.10261},
pages = {239--251},
year = {2004},
}
