% Encoding: UTF-8

@Conference{HRTF,
  author = {Gardner B. and Keith M.},
  title  = {HRTF Measurements of a KEMAR Dummy-Head Microphone},
  year   = {Originally created 5/24/95. Last revised 1/27/97.},
}

@Article{FFC,
  author  = {Griffin D. Romigh and Douglas S. Brungart and Brian D. Simpson},
  title   = {Free-Field Localization Performance With a Head-Tracked Virtual Auditory Display},
  journal = {IEEE JOURNAL OF SELECTED TOPICS IN SIGNAL PROCESSING},
  year    = {2015},
}

@Article{SLAS,
  author = {Zhan Huan Zhou and Edward S. Rogers},
  title  = {Sound Localization and Virtual Auditory Space},
}

@Comment{jabref-meta: databaseType:bibtex;}
