% Encoding: UTF-8

@Conference{HRTF,
  author = {Gardner B. and Keith M.},
  title  = {HRTF Measurements of a KEMAR Dummy-Head Microphone},
  year   = {Originally created 5/24/95. Last revised 1/27/97.},
}

@Article{FFC,
  author  = {Griffin D. Romigh and  Douglas S. Brungart  and Brian D. Simpson},
  title   = {Free-Field Localization Performance With a Head-Tracked Virtual Auditory Display},
  journal = {IEEE JOURNAL OF SELECTED TOPICS IN SIGNAL PROCESSING},
  year    = {2015},
}

@Article{SLAS,
  author  = {Zhan H. Zhou and Edward S. Rogers},
  title   = {Sound Localization and Virtual Auditory Space},
}

@book{handbuch,
  title={Handbuch der Audiotechnik},
  author={Weinzierl, S.},
  isbn={9783540343011},
  lccn={2009466216},
  series={VDI-Buch},
  url={https://books.google.de/books?id=Lf0mBAAAQBAJ},
  year={2009},
  publisher={Springer Berlin Heidelberg}
}

@book{ency,
  title={Die Audio-Enzyklop{\"a}die: Ein Nachschlagewerk f{\"u}r Tontechniker},
  author={Friesecke, A.},
  isbn={9783110340181},
  series={De Gruyter Reference},
  url={https://books.google.de/books?id=iqboBQAAQBAJ},
  year={2014},
  publisher={De Gruyter}
}

@ELECTRONIC{UnityManualAudioSource,
  title = {Unity User Manual (2017.2)},
  year = {2017},
  institution = {Unity Technologies},
  url = {https://docs.unity3d.com/Manual/class-AudioSource.html}, 
  lastvisited = {05.12.2017}
} 

@ELECTRONIC{Spatial,
  title = {Spatial Sound in Unity},
  year = {2017},
  institution = {Microsoft 2017},
  url = {https://developer.microsoft.com/en-us/windows/mixed-reality/spatial_sound_in_unity}, 
  lastvisited = {05.12.2017}
} 

@Article{,
  author  = {},
  title   = {},
  journal = {},
  year    = {},
}


@Comment{jabref-meta: databaseType:bibtex;}
